@techreport{hischier2007electronic,
  title        = {Life cycle inventories of Electric and Electronic Equipment: Production, Use and Disposal},
  author       = {Hischier, Roland and Classen, Marlen and Lehmann, Martin and Scharnhorst, Wolfram},
  institution  = {Swiss Centre for Life Cycle Inventories},
  number       = {Ecoinvent report No. 18},
  address      = {Dübendorf, Switzerland},
  year         = {2007},
  note         = {Part III: Electronic Devices, Version 2.0},
  url          = {https://moodle.bordeaux-inp.fr/pluginfile.php/288479/mod_resource/content/5/18_III_Electronics_devices_ACVecoinventOrdi.pdf}, 
  howpublished = {\emph{Empa / Technology \& Society Lab}}
}

@techreport{dell2018carbon,
  title        = {Dell Precision Tower 3620: Estimated Product Carbon Footprint},
  institution  = {Dell Inc.},
  year         = {2018},
  month        = {August},
  url          = {https://i.dell.com/sites/csdocuments/CorpComm_Docs/en/carbon-footprint-precision-3620.pdf},
  note         = {Consulté le 6 avril 2025}
}
